<?xml version="1.0" encoding="utf-8"?>
<record xmlns="http://www.loc.gov/MARC21/slim" xmlns:xsi="http://www.w3.org/2001/XMLSchema-instance" xsi:schemaLocation="http://www.loc.gov/MARC21/slim http://www.loc.gov/standards/marcxml/schema/MARC21slim.xsd">
	<leader>     nam a22        4500</leader>
	<controlfield tag="001">1621570</controlfield>
	<controlfield tag="003">NIC</controlfield>
	<controlfield tag="006">m        d        </controlfield>
	<controlfield tag="007">cr cn |||m|||a</controlfield>
	<controlfield tag="008">150505s1981    ir      obd   000 0 ara d</controlfield>
	<datafield ind1=" " ind2=" " tag="040">
		<subfield code="a">NNU</subfield>
		<subfield code="b">eng</subfield>
		<subfield code="c">NNU</subfield>
	</datafield>
	<datafield ind1="0" ind2=" " tag="041">
		<subfield code="a">ara</subfield>
		<subfield code="a">per</subfield>
	</datafield>
	<datafield ind1=" " ind2="4" tag="050">
		<subfield code="a">PJ6636.P</subfield>
	</datafield>
	<datafield ind1="0" ind2=" " tag="100">
		<subfield code="6">880-01</subfield>
		<subfield code="a">M. ʻA. T.</subfield>
		<subfield code="q">(Taraqqī, Muḥammad ʻAlī)</subfield>
	</datafield>
	<datafield ind1="1" ind2="0" tag="245">
		<subfield code="6">880-02</subfield>
		<subfield code="a">Farhang-i Khayyām, ʻArabī-Fārsī</subfield>
		<subfield code="h">[electronic resource] :</subfield>
		<subfield code="b">shāmil-i 45 hazār vāzh-i muṣṭalah-i Fārsī, ʻArabī, Turkī bi-z̤amīnah-ʼi farhang-i lughat-i pazīraftah shuda Urūpāʼī va vazhahʹhā-yi naw-i Farhangistān /</subfield>
		<subfield code="c">taʼlīf, M.ʻA.T. [Muḥammad ʻAlī Taraqqī].</subfield>
	</datafield>
	<datafield ind1=" " ind2=" " tag="250">
		<subfield code="6">880-03</subfield>
		<subfield code="a">Chāp-i 5.</subfield>
	</datafield>
	<datafield ind1=" " ind2=" " tag="260">
		<subfield code="6">880-04</subfield>
		<subfield code="a">[Tehran] :</subfield>
		<subfield code="b">Kitābfurūshī-i Khayyām,</subfield>
		<subfield code="c">1359 [1981]</subfield>
	</datafield>
	<datafield ind1=" " ind2=" " tag="300">
		<subfield code="a">online resource (672 p.)</subfield>
	</datafield>
	<datafield ind1=" " ind2=" " tag="500">
		<subfield code="a">Arabic and Persian.</subfield>
	</datafield>
	<datafield ind1=" " ind2=" " tag="500">
		<subfield code="a">Part of the Arabic Collections Online (ACO) project, contributed by Cornell University Libraries.</subfield>
	</datafield>
	<datafield ind1=" " ind2=" " tag="533">
		<subfield code="a">Electronic reproduction.</subfield>
		<subfield code="b">New York, N.Y. :</subfield>
		<subfield code="c">New York University,</subfield>
		<subfield code="d">2015.</subfield>
		<subfield code="5">NNU</subfield>
	</datafield>
	<datafield ind1=" " ind2="4" tag="650">
		<subfield code="a">Arabic language dictionaries</subfield>
		<subfield code="x">Persian.</subfield>
	</datafield>
	<datafield ind1="2" ind2=" " tag="710">
		<subfield code="a">Cornell University.</subfield>
		<subfield code="b">Libraries.</subfield>
	</datafield>
	<datafield ind1="0" ind2=" " tag="730">
		<subfield code="a">Arabic Collections Online.</subfield>
	</datafield>
	<datafield ind1="0" ind2="8" tag="776">
		<subfield code="i">Print version:</subfield>
		<subfield code="a">M. ʻA. T. (Taraqqī, Muḥammad ʻAlī)</subfield>
		<subfield code="t">Farhang-i Khayyām, ʻArabī-Fārsī</subfield>
		<subfield code="w">(NIC)1621570</subfield>
		<subfield code="w">(DLC)   89930284 </subfield>
		<subfield code="w">(OCoLC)64736210</subfield>
	</datafield>
	<datafield ind1="4" ind2="0" tag="856">
		<subfield code="u">http://hdl.handle.net/2333.1/tdz08p58</subfield>
	</datafield>
	<datafield ind1="0" ind2=" " tag="880">
		<subfield code="6">100-01/r</subfield>
		<subfield code="a">م. ع. ت.</subfield>
		<subfield code="q">(ترقى، محمد على)</subfield>
	</datafield>
	<datafield ind1="1" ind2="0" tag="880">
		<subfield code="6">245-02/r</subfield>
		<subfield code="a">فرهنگ خيام، عربىفارسى :</subfield>
		<subfield code="b">شامل 45 هزار واژ مصطله فارسى، عربى، ترکى بضمىنۀ فرهنگ لغت پزىرفته شد اروپائي و وژه‌اى نو فرهنگستان /</subfield>
		<subfield code="c">تاءلىف، م.ع.ت. [محمد على ترقى].</subfield>
	</datafield>
	<datafield ind1=" " ind2=" " tag="880">
		<subfield code="6">250-03/r</subfield>
		<subfield code="a">چاپ 5.</subfield>
	</datafield>
	<datafield ind1=" " ind2=" " tag="880">
		<subfield code="6">260-04/r</subfield>
		<subfield code="a">[طهران] :</subfield>
		<subfield code="b">کتابفروشى خيام،</subfield>
		<subfield code="c">1359 [1981]</subfield>
	</datafield>
	<datafield ind1=" " ind2=" " tag="959">
		<subfield code="a">NNU</subfield>
		<subfield code="b">WEB</subfield>
		<subfield code="c">GENI</subfield>
		<subfield code="t">0</subfield>
		<subfield code="m">Electronic access</subfield>
		<subfield code="s">01</subfield>
	</datafield>
	<datafield ind1=" " ind2=" " tag="999">
		<subfield code="i">NIC_1621570</subfield>
		<subfield code="o">(OCoLC)ocm64736210</subfield>
		<subfield code="s">cornell_aco000005</subfield>
		<subfield code="e">(ERROR-880)</subfield>
		<subfield code="s">cornell_aco000005</subfield>
	</datafield>
</record>
